<record><leader>00000cas a22000007a 4500</leader><controlfield tag="001">12744432</controlfield><controlfield tag="008">851031d18581860wiuwr ne      0    0eng d</controlfield><datafield ind1=" " ind2=" " tag="010"><subfield code="a">sn 85041343 </subfield></datafield><datafield ind1=" " ind2=" " tag="040"><subfield code="a">NPV</subfield><subfield code="b">eng</subfield><subfield code="c">NPV</subfield><subfield code="d">MN#</subfield><subfield code="d">OCL</subfield><subfield code="d">OCLCQ</subfield><subfield code="d">OCLCF</subfield><subfield code="d">OCLCO</subfield></datafield><datafield ind1=" " ind2=" " tag="042"><subfield code="a">msc</subfield></datafield><datafield ind1=" " ind2=" " tag="043"><subfield code="a">n-us-wi</subfield></datafield><datafield ind1=" " ind2=" " tag="045"><subfield code="a">w5w6</subfield></datafield><datafield ind1=" " ind2=" " tag="052"><subfield code="a">4123</subfield><subfield code="b">P5</subfield></datafield><datafield ind1="0" ind2=" " tag="130"><subfield code="a">North-western Democrat (Prescott, Wis.)</subfield></datafield><datafield ind1="1" ind2="0" tag="245"><subfield code="a">North-western Democrat.</subfield></datafield><datafield ind1=" " ind2=" " tag="260"><subfield code="a">Prescott, Pierce County, Wis. :</subfield><subfield code="b">P.V. Wise, J.M. Bailey, D.M. Lusk,</subfield><subfield code="c">1858-1860.</subfield></datafield><datafield ind1=" " ind2=" " tag="300"><subfield code="a">2 v.</subfield></datafield><datafield ind1=" " ind2=" " tag="310"><subfield code="a">Weekly</subfield></datafield><datafield ind1="0" ind2=" " tag="362"><subfield code="a">-v. 2, no. 24 (Apr. 4, 1860).</subfield></datafield><datafield ind1=" " ind2=" " tag="500"><subfield code="a">Publisher varies.</subfield></datafield><datafield ind1=" " ind2=" " tag="500"><subfield code="a">Editors: P.V. Wise &amp; D.M. Lusk, Dec. 14, 1858-&lt;Dec. 14, 1859&gt;; D.M. Lusk &amp; W.J. Whipple, Dec. 28, 1859-April 4, 1860.</subfield></datafield><datafield ind1=" " ind2=" " tag="530"><subfield code="a">Available on microfilm from The State Historical Society of Wisconsin.</subfield></datafield><datafield ind1=" " ind2=" " tag="588"><subfield code="a">Description based on: Vol. 1, no. 8 (Dec. 14, 1858).</subfield></datafield><datafield ind1=" " ind2="0" tag="651"><subfield code="a">Prescott (Wis.)</subfield><subfield code="v">Newspapers.</subfield></datafield><datafield ind1=" " ind2="7" tag="655"><subfield code="a">Newspapers.</subfield><subfield code="2">fast</subfield><subfield code="0">(OCoLC)fst01423814</subfield></datafield><datafield ind1=" " ind2="7" tag="651"><subfield code="a">Wisconsin</subfield><subfield code="z">Prescott.</subfield><subfield code="2">fast</subfield><subfield code="0">(OCoLC)fst01209728</subfield></datafield><datafield ind1=" " ind2=" " tag="752"><subfield code="a">United States</subfield><subfield code="b">Wisconsin</subfield><subfield code="c">Pierce</subfield><subfield code="d">Prescott.</subfield></datafield><datafield ind1="0" ind2="0" tag="785"><subfield code="t">Prescott Democrat</subfield><subfield code="w">(DLC)sn 85041344</subfield></datafield></record>